@article{r1,
  title={Autoencoders for unsupervised anomaly segmentation in brain MR images: a comparative study},
  author={Baur, Christoph and Denner, Stefan and Wiestler, Benedikt and Navab, Nassir and Albarqouni, Shadi},
  journal={Medical Image Analysis},
  volume={69},
  pages={101952},
  year={2021},
  publisher={Elsevier}
}
@article{r2,
  title={A unifying review of deep and shallow anomaly detection},
  author={Ruff, Lukas and Kauffmann, Jacob R and Vandermeulen, Robert A and Montavon, Gr{\'e}goire and Samek, Wojciech and Kloft, Marius and Dietterich, Thomas G and M{\"u}ller, Klaus-Robert},
  journal={Proceedings of the IEEE},
  volume={109},
  number={5},
  pages={756--795},
  year={2021},
  publisher={IEEE}
}
@article{r3,
  title={A deep learning model based on concatenation approach for the diagnosis of brain tumor},
  author={Noreen, Neelum and Palaniappan, Sellappan and Qayyum, Abdul and Ahmad, Iftikhar and Imran, Muhammad and Shoaib, Muhammad},
  journal={IEEE Access},
  volume={8},
  pages={55135--55144},
  year={2020},
  publisher={IEEE}
}
@article{r4,
  title={Computer-aided diagnosis with deep learning architecture: applications to breast lesions in US images and pulmonary nodules in CT scans},
  author={Cheng, Jie-Zhi and Ni, Dong and Chou, Yi-Hong and Qin, Jing and Tiu, Chui-Mei and Chang, Yeun-Chung and Huang, Chiun-Sheng and Shen, Dinggang and Chen, Chung-Ming},
  journal={Scientific reports},
  volume={6},
  number={1},
  pages={24454},
  year={2016},
  publisher={Nature Publishing Group UK London}
}
@article{r5,
  title={Deep learning for hemorrhagic lesion detection and segmentation on brain CT images},
  author={Li, Lu and Wei, Meng and Liu, Bo and Atchaneeyasakul, Kunakorn and Zhou, Fugen and Pan, Zehao and Kumar, Shimran A and Zhang, Jason Y and Pu, Yuehua and Liebeskind, David S and others},
  journal={IEEE journal of biomedical and health informatics},
  volume={25},
  number={5},
  pages={1646--1659},
  year={2020},
  publisher={IEEE}
}
@article{r6,
  title={Performance of machine learning algorithms for glioma segmentation of brain MRI: a systematic literature review and meta-analysis},
  author={van Kempen, Evi J and Post, Max and Mannil, Manoj and Witkam, Richard L and Ter Laan, Mark and Patel, Ajay and Meijer, Frederick JA and Henssen, Dylan},
  journal={European Radiology},
  volume={31},
  number={12},
  pages={9638--9653},
  year={2021},
  publisher={Springer}
}
@article{r7,
  title={HYBRID CLASSIFIER FOR BRAIN ABNORMALITY DETECTION IN BRAIN MRI},
  author={Lakshmi, Adhi and Arivoli, Thangadurai and Rajasekaran, M Pallikonda and Bhuvaneshwary, N and Sathya, S},
  year={2021}
}
@article{r8,
  title={Quick detection of brain tumors and edemas: A bounding box method using symmetry},
  author={Saha, Baidya Nath and Ray, Nilanjan and Greiner, Russell and Murtha, Albert and Zhang, Hong},
  journal={Computerized medical imaging and graphics},
  volume={36},
  number={2},
  pages={95--107},
  year={2012},
  publisher={Elsevier}
}
@article{r9,
  title={Weakly supervised deep learning for brain disease prognosis using MRI and incomplete clinical scores},
  author={Liu, Mingxia and Zhang, Jun and Lian, Chunfeng and Shen, Dinggang},
  journal={IEEE transactions on cybernetics},
  volume={50},
  number={7},
  pages={3381--3392},
  year={2019},
  publisher={IEEE}
}

@article{r10,
  title={MRI based medical image analysis: Survey on brain tumor grade classification},
  author={Mohan, Geethu and Subashini, M Monica},
  journal={Biomedical Signal Processing and Control},
  volume={39},
  pages={139--161},
  year={2018},
  publisher={Elsevier}
}
@article{r11,
  title={Application of support vector machine on fMRI data as biomarkers in schizophrenia diagnosis: a systematic review},
  author={Steardo Jr, Luca and Carbone, Elvira Anna and De Filippis, Renato and Pisanu, Claudia and Segura-Garcia, Cristina and Squassina, Alessio and De Fazio, Pasquale and Steardo, Luca},
  journal={Frontiers in Psychiatry},
  volume={11},
  pages={588},
  year={2020},
  publisher={Frontiers Media SA}
}
@article{r12,
  title={Dual-force convolutional neural networks for accurate brain tumor segmentation},
  author={Chen, Shengcong and Ding, Changxing and Liu, Minfeng},
  journal={Pattern Recognition},
  volume={88},
  pages={90--100},
  year={2019},
  publisher={Elsevier}
}
@article{r13,
  title={Optimization driven deep convolution neural network for brain tumor classification},
  author={Kumar, Sharan and Mankame, Dattatreya P},
  journal={Biocybernetics and Biomedical Engineering},
  volume={40},
  number={3},
  pages={1190--1204},
  year={2020},
  publisher={Elsevier}
}
@article{r14,
  title={A CNN based approach for the detection of brain tumor using MRI scans},
  author={Sarkar, Sobhangi and Kumar, Avinash and Chakraborty, Sabyasachi and Aich, Satyabrata and Sim, Jong-Seong and Kim, Hee-Cheol},
  journal={Test Engineering and Management},
  volume={83},
  pages={16580--16586},
  year={2020}
}

@article{r15,
  title={Brain tumor MR image classification using convolutional dictionary learning with local constraint},
  author={Gu, Xiaoqing and Shen, Zongxuan and Xue, Jing and Fan, Yiqing and Ni, Tongguang},
  journal={Frontiers in Neuroscience},
  volume={15},
  pages={679847},
  year={2021},
  publisher={Frontiers Media SA}
}

@article{r16,
  title={An early detection and segmentation of Brain Tumor using Deep Neural Network},
  author={Aggarwal, Mukul and Tiwari, Amod Kumar and Sarathi, M Partha and Bijalwan, Anchit},
  journal={BMC Medical Informatics and Decision Making},
  volume={23},
  number={1},
  pages={1--12},
  year={2023},
  publisher={BioMed Central}
}
@inproceedings{r17,
  title={Design and implementing brain tumor detection using machine learning approach},
  author={Hemanth, G and Janardhan, M and Sujihelen, L},
  booktitle={2019 3rd international conference on trends in electronics and informatics (ICOEI)},
  pages={1289--1294},
  year={2019},
  organization={IEEE}
}
