@article{cho2006online,
  title={Online shopping hesitation},
  author={Cho, Chang-Hoan and Kang, Jaewon and Cheon, Hongsik John},
  journal={CyberPsychology \& behavior},
  volume={9},
  number={3},
  pages={261--274},
  year={2006},
  publisher={Mary Ann Liebert, Inc. 2 Madison Avenue Larchmont, NY 10538 USA}
}
